@inproceedings{Mobahi2009,
 author = {Mobahi, Hossein and Collobert, Ronan and Weston, Jason},
 title = {Deep Learning from Temporal Coherence in Video},
 booktitle = {Proceedings of the 26th Annual International Conference on Machine Learning},
 series = {ICML '09},
 year = {2009},
 isbn = {978-1-60558-516-1},
 location = {Montreal, Quebec, Canada},
 pages = {737--744},
 numpages = {8},
 url = {http://doi.acm.org/10.1145/1553374.1553469},
 doi = {10.1145/1553374.1553469},
 acmid = {1553469},
 publisher = {ACM},
 address = {New York, NY, USA},
} 

@article{lecun1998gradient,
  title={Gradient-based learning applied to document recognition},
  author={LeCun, Yann and Bottou, L{\'e}on and Bengio, Yoshua and Haffner, Patrick},
  journal={Proceedings of the IEEE},
  volume={86},
  number={11},
  pages={2278--2324},
  year={1998},
  publisher={IEEE}
}

@article{nayar1996real,
  title={Real-time focus range sensor},
  author={Nayar, Shree K and Watanabe, Masahiro and Noguchi, Minori},
  journal={Pattern Analysis and Machine Intelligence, IEEE Transactions on},
  volume={18},
  number={12},
  pages={1186--1198},
  year={1996},
  publisher={IEEE}
}

@Misc{mlpython,
author =   {Hugo Larochelle},
title =    {MLPython},
howpublished = {\url{http://www.dmi.usherb.ca/~larocheh/mlpython/index.html}},
year = {2010}
}

@MISC{Bastien-Theano-2012,
        author = {Bastien, Fr{\'{e}}d{\'{e}}ric and Lamblin, Pascal and Pascanu, Razvan and Bergstra, James and Goodfellow, Ian J. and Bergeron, Arnaud and Bouchard, Nicolas and Bengio, Yoshua},
         title = {Theano: new features and speed improvements},
          year = {2012},
  howpublished = {Deep Learning and Unsupervised Feature Learning NIPS 2012 Workshop},
      abstract = {Theano is a linear algebra compiler that optimizes a userâ€™s symbolically-speciï¬ed
mathematical computations to produce efï¬cient low-level implementations. In
this paper, we present new features and efï¬ciency improvements to Theano, and
benchmarks demonstrating Theanoâ€™s performance relative to Torch7, a recently
introduced machine learning library, and to RNNLM, a C++ library targeted at
recurrent neural networks.}
}

@article{vision,
year={2014},
issn={0920-5691},
journal={International Journal of Computer Vision},
volume={107},
number={2},
doi={10.1007/s11263-013-0669-1},
title={The Shape Boltzmann Machine: A Strong Model of Object Shape},
url={http://dx.doi.org/10.1007/s11263-013-0669-1},
publisher={Springer US},
keywords={Shape; Generative; Deep Boltzmann machine; Sampling},
author={Eslami, S.M.Ali and Heess, Nicolas and Williams, ChristopherK.I. and Winn, John},
pages={155-176},
language={English}
}

@article{vision2,
year={2014},
issn={0924-669X},
journal={Applied Intelligence},
volume={40},
number={2},
doi={10.1007/s10489-013-0461-5},
title={A machine learning based intelligent vision system for autonomous object detection and recognition},
url={http://dx.doi.org/10.1007/s10489-013-0461-5},
publisher={Springer US},
keywords={Intelligent machine vision; Visual saliency; Unsupervised learning; Object recognition},
author={Ramík, DominikMaximilián and Sabourin, Christophe and Moreno, Ramon and Madani, Kurosh},
pages={358-375},
language={English}
}
